<record><leader>00000cas a22000007a 4500</leader><controlfield tag="001">22774955</controlfield><controlfield tag="008">901204d196119uuohuwr ne      0    0eng d</controlfield><datafield ind1=" " ind2=" " tag="010"><subfield code="a">sn 90068602 </subfield></datafield><datafield ind1=" " ind2=" " tag="040"><subfield code="a">ONP</subfield><subfield code="b">eng</subfield><subfield code="c">ONP</subfield><subfield code="d">OCLCQ</subfield></datafield><datafield ind1=" " ind2=" " tag="042"><subfield code="a">msc</subfield></datafield><datafield ind1="0" ind2="4" tag="245"><subfield code="a">The Holmes Co. herald.</subfield></datafield><datafield ind1="3" ind2="0" tag="246"><subfield code="a">Holmes County herald</subfield></datafield><datafield ind1=" " ind2=" " tag="260"><subfield code="a">Berlin, Holmes Co., Ohio :</subfield><subfield code="b">Herald Press,</subfield><subfield code="c">1961-</subfield></datafield><datafield ind1=" " ind2=" " tag="300"><subfield code="a">v.</subfield></datafield><datafield ind1=" " ind2=" " tag="310"><subfield code="a">Weekly</subfield></datafield><datafield ind1="0" ind2=" " tag="362"><subfield code="a">Vol. 1, [no. 5] (Nov. 2, 1961)-</subfield></datafield><datafield ind1=" " ind2=" " tag="752"><subfield code="a">United States</subfield><subfield code="b">Ohio</subfield><subfield code="c">Holmes</subfield><subfield code="d">Berlin.</subfield></datafield><datafield ind1="0" ind2="0" tag="780"><subfield code="t">East Holmes Co. herald</subfield><subfield code="w">(DLC)sn 90068601</subfield></datafield></record>